<record><leader>00000cas a22000007a 4500</leader><controlfield tag="001">31306809</controlfield><controlfield tag="008">941018d19331934cauwr ne      0    0eng d</controlfield><datafield ind1=" " ind2=" " tag="010"><subfield code="a">sn 94052931 </subfield></datafield><datafield ind1=" " ind2=" " tag="040"><subfield code="a">CNK</subfield><subfield code="b">eng</subfield><subfield code="c">CNK</subfield><subfield code="d">OCLCQ</subfield></datafield><datafield ind1=" " ind2=" " tag="042"><subfield code="a">msc</subfield></datafield><datafield ind1=" " ind2=" " tag="043"><subfield code="a">n-us-ca</subfield></datafield><datafield ind1="0" ind2="0" tag="245"><subfield code="a">Piedmont Avenue news and citizen review-journal.</subfield></datafield><datafield ind1="3" ind2="0" tag="246"><subfield code="a">Piedmont news and citizen review-journal</subfield></datafield><datafield ind1=" " ind2=" " tag="260"><subfield code="a">Piedmont, Calif. :</subfield><subfield code="b">News-Herald Co.</subfield></datafield><datafield ind1=" " ind2=" " tag="300"><subfield code="a">v.</subfield></datafield><datafield ind1=" " ind2=" " tag="310"><subfield code="a">Weekly</subfield></datafield><datafield ind1="0" ind2=" " tag="362"><subfield code="a">Vol. 1, no. 25 (Nov. 2, 1933)-v. 2, no. 48 (Dec. 13, 1934).</subfield></datafield><datafield ind1=" " ind2=" " tag="500"><subfield code="a">Issue for Jan. 25, 1934 published as: Piedmont news and citizen review-journal.</subfield></datafield><datafield ind1=" " ind2=" " tag="550"><subfield code="a">Official publication of the Piedmont Avenue Merchants Association.</subfield></datafield><datafield ind1=" " ind2="0" tag="651"><subfield code="a">Piedmont (Oakland, Calif.)</subfield><subfield code="v">Newspapers.</subfield></datafield><datafield ind1="2" ind2=" " tag="710"><subfield code="a">Piedmont Avenue Merchants Association.</subfield></datafield><datafield ind1=" " ind2=" " tag="752"><subfield code="a">United States</subfield><subfield code="b">California</subfield><subfield code="c">Alameda</subfield><subfield code="d">Piedmont.</subfield></datafield><datafield ind1="0" ind2="4" tag="780"><subfield code="t">Piedmont Avenue news</subfield><subfield code="w">(DLC)sn 94052930</subfield></datafield><datafield ind1="0" ind2="4" tag="780"><subfield code="t">Citizen review-journal</subfield></datafield><datafield ind1="0" ind2="0" tag="785"><subfield code="t">Piedmont Ave. news</subfield><subfield code="w">(DLC)sn 94052932</subfield></datafield><datafield ind1="1" ind2=" " tag="029"><subfield code="a">AU@</subfield><subfield code="b">000011305533</subfield></datafield></record>